@BOOK{Applicare-UML-e-i-pattern,
  author={Craig Lerman},
  editor={Edimatica S.r.l.},
  title={Applicare UML e i pattern},
  publisher={Pearson Education Italia},
  year={2005},
  edition={Third},
  pages={724},
  isbn={88-7192-270-0}
}

@BOOK{JavaScript-the-definitive-guide,
  author={David Flanagan},
  editor={Mike Loukides},
  title={JavaScript, the definitive guide},
  publisher={O'REILLY},
  year={2011},
  edition={sixth},
  pages={1078},
  isbn={978-0-596-80552-4}
}

@BOOK{JavaScript-web-applications,
  author={Alex MacCaw},
  editor={Mary Treseler},
  title={JavaScript Web Applications},
  publisher={O'REILLY},
  year={2011},
  edition={first},
  pages={255},
  isbn={978-1-449-30351-8}
}

@BOOK{Hypermedia-APIs-with-HTML5-node,
  author={Mike Amundsen},
  editor={Simon St. Laurent},
  title={Hypermedia APIs with HTML5 \& Node},
  publisher={O'REILLY},
  year={2011},
  edition={first},
  pages={219},
  isbn={978-1-449-30657-1}
}

@BOOKLET{The-REST-API-Design-Handbook,
  author={George Reese},
  title={The REST API Design Handbook},
  edition={first},
  pages={90}
}

@MANUAL{Ember.js,
  title = {Ember.js},
  url = {http://emberjs.com/}
}

@MANUAL{Spine.js,
  title = {Spine.js},
  url = {http://spinejs.com/}
}

@MANUAL{Backbone.js,
  title = {Backbone.js},
  url = {http://backbonejs.org/}
}

@MANUAL{Mustache,
  title = {\{\{mustache\}\}},
  url = {http://mustache.github.com/}
}

@MANUAL{Handlebars,
  title = {Handlebars.js},
  url = {http://handlebarsjs.com/}
}

@MANUAL{Brunch,
  title = {Brunch},
  url = {http://brunch.io/}
}

@MANUAL{mvc,
  title = {Model-View-Controller},
  url = {http://it.wikipedia.org/wiki/Model-View-Controller}
}

@MANUAL{ajax,
  title = {Asynchronous JavaScript and XML},
  url = {http://it.wikipedia.org/wiki/AJAX}
}
@MANUAL{json,
  title = {JavaScript Object Notation},
  url = {http://it.wikipedia.org/wiki/JSON}
}

@MANUAL{common.js,
  title = {Common.js},
  url = {http://www.commonjs.org/}
}

@MANUAL{AMD,
  title = {Asynchronous Module Definition},
  url = {http://requirejs.org/docs/whyamd.html#amd}
}